@STRING{aap = {Adv.\ in Appl.\ Probab.}}
@STRING{ac = {Acta Cybernet.}}
@STRING{ACM = {The OX Association for Computing Machinery}}
@STRING{acm-cs = {ACM Comput.\ Surv.}}
@STRING{acm-pls = {ACM Trans.\ Programming Languages and Systems}}
@STRING{acm-tms = {ACM Trans.\ Math.\ Software}}
@STRING{adm = {Annals of Discrete Mathematics}}
@STRING{ai = {Acta Informatica}}
@STRING{algo = {Algorithmica}}
@STRING{aml = {Appl.\ Math.\ Lett.}}
@STRING{amm = {Amer.\ Math.\ Monthly}}
@STRING{ams = {Ann.\ Math.\ Statist.}}
@STRING{aor = {Ann.\ Oper.\ Res.}}
@STRING{ap = {Ann.\ Probab.}}
@STRING{approx = {Proceedings, International Workshop on Approximation Algorithms for
	Combinatorial Optimization Problems}}
@STRING{as = {Ann.\ Statist.}}
@STRING{cg = {Comput.\ Geom.}}
@STRING{cjm = {Canad.\ J.\ Math.}}
@STRING{cmp = {Comm.\ Math.\ Phys.}}
@STRING{cocoon = {Proceedings, International Computing and Combinatorics Conference}}
@STRING{comb = {Combinatorica}}
@STRING{commacm = {Comm.\ ACM}}
@STRING{comp = {Computing}}
@STRING{cor = {Comput.\ Oper.\ Res.}}
@STRING{cpc = {Combin.\ Probab.\ Comput.}}
@STRING{cstm = {Comm.\ Statist.\ Theory Methods}}
@STRING{dcg = {Discrete Comput.\ Geom.}}
@STRING{discapplmath = {Discrete Appl.\ Math.}}
@STRING{discmath = {Discrete Math.}}
@STRING{ejc = {Electron.\ J.\ Combin.}}
@STRING{esa = {Proceedings, European Symposium on Algorithms}}
@STRING{focs = {Proceedings, IEEE Symposium on Foundations of Computer Science (FOCS)}}
@STRING{fsttcs = {Proceedings, Foundations of Software Technology and Theoretical Computer
	Science. (FSTTCS)}}
@STRING{gc = {Graphs Combin.}}
@STRING{icalp = {Proceedings, International Colloquium on Automata, Languages and
	Processing}}
@STRING{ieee-trans-comm = {IEEE Trans.\ Comm.}}
@STRING{infcomp = {Inform.\ and Comput.}}
@STRING{infcont = {Inform.\ and Control}}
@STRING{infocom = {Proceedings, IEEE INFOCOM}}
@STRING{invmath = {Invent.\ Math.}}
@STRING{ipco = {Proceedings, MPS Conference on Integer Programming and Combinatorial
	Optimization (IPCO)}}
@STRING{IPL = {Inform. Process. Lett.}}
@STRING{ipl = {Inform.\ Process.\ Lett.}}
@STRING{istcs = {Proceedings, Israel Symposium on Theory and Computing Systems}}
@STRING{jacm = {J.\ ACM}}
@STRING{jalgo = {J.\ Algorithms}}
@STRING{jap = {J.\ Appl.\ Probab.}}
@STRING{jasa = {J.\ Amer.\ Statist.\ Assoc.}}
@STRING{jcombopt = {J.\ Combinatorial Optimization}}
@STRING{jcss = {J.\ Comput.\ System Sci.}}
@STRING{jcta = {J.\ Combin.\ Theory Ser.\ A}}
@STRING{jctb = {J.\ Combin.\ Theory Ser.\ B}}
@STRING{jda = {J.\ Discrete Algorithms}}
@STRING{jgt = {J.\ Graph Theory}}
@STRING{jma = {J.\ Multivariate Anal.}}
@STRING{jssms = {J.\ Systems Sci.\ Math.\ Sci}}
@STRING{jsymcomp = {J.\ Symbolic Comput.}}
@STRING{kdd = {ACM SIGKDD International Conference on Knowledge Discovery and Data
	Mining}}
@STRING{laappl = {Linear Algebra Appl.}}
@STRING{latin = {Proceedings, Latin American Theoretical Informatics Symposium}}
@STRING{lncs = {Lecture Notes in Computer Science}}
@STRING{mansci = {Management Sci.}}
@STRING{mathprog = {Math.\ Programming}}
@STRING{mathprogs = {Math.\ Programming Study}}
@STRING{mi = {Machine Intelligence}}
@STRING{mn = {Math.\ Nachr.}}
@STRING{mor = {Math.\ Oper.\ Res.}}
@STRING{mpcps = {Math.\ Proc.\ Cambridge Philos.\ Soc.}}
@STRING{mst = {Math.\ Systems Theory}}
@STRING{net = {Networks}}
@STRING{nips = {Advances in Neur. Inf. Proc. Sys. (NIPS)}}
@STRING{nm = {Numer.\ Math.}}
@STRING{oms = {Optimization Methods and Software}}
@STRING{opres = {Oper.\ Res.}}
@STRING{orl = {Operations Research Letters}}
@STRING{pcps = {Proc.\ Cambridge Philos.\ Soc.}}
@STRING{podc = {Proceedings, ACM Symposium on Principles of Distributed Computing}}
@STRING{pods = {Proceedings, ACM Symposium on Principles of Database Systems}}
@STRING{prdc = {Proceedings, ACM Symposium on Principles of Distributed Computing}}
@STRING{rsa = {Random Structures Algorithms}}
@STRING{sam = {Stud.\ Appl.\ Math.}}
@STRING{siam-adm = {SIAM J.\ Algebraic Discrete Methods}}
@STRING{siam-am = {SIAM J.\ Appl.\ Math.}}
@STRING{siam-comp = {SIAM J.\ Comput.}}
@STRING{siam-dm = {SIAM J.\ Discrete Math.}}
@STRING{siam-j = {J.\ Soc.\ Indust.\ Appl.\ Math.}}
@STRING{siam-opt = {SIAM J.\ Optimization}}
@STRING{sicomp = {SIAM J.\ Comput.}}
@STRING{sigcomm = {Proceedings of SIGCOMM}}
@STRING{sigmod = {Proceedings of SIGMOD}}
@STRING{soda = {Proceedings, ACM-SIAM Symposium on Discrete Algorithms (SODA)}}
@STRING{spaa = {Proceedings, ACM Symposium on Parallelism in Algorithms and Architectures}}
@STRING{stoc = {ACM Symp. on Theory of Computing (STOC)}}
@STRING{swat = {Proceedings, Scandinavian Workshop on Algorithm Theory}}
@STRING{tamc = {Theory and Applications of Models of Computation (TAMC)}}
@STRING{tams = {Trans.\ Amer.\ Math.\ Soc.}}
@STRING{tcc = {Theory of Cryptography Conference (TCC)}}
@STRING{tcs = {Theoret.\ Comput.\ Sci.}}
@STRING{ton = {IEEE/ACM Trans. Netw.}}
@STRING{wads = {Proceedings, Workshop on Algorithms and Data Structures}}

@article{PSW97,
	author    = {Cynthia A. Phillips and
	Clifford Stein and
	Joel Wein},
	title     = {Task Scheduling in Networks},
	journal   = {{SIAM} J. Discrete Math.},
	volume    = {10},
	number    = {4},
	pages     = {573--598},
	year      = {1997},
	url       = {http://dx.doi.org/10.1137/S0895480194279057},
	doi       = {10.1137/S0895480194279057},
	timestamp = {Tue, 01 Feb 2011 14:01:57 +0100},
	biburl    = {http://dblp.uni-trier.de/rec/bib/journals/siamdm/PhillipsSW97},
	bibsource = {dblp computer science bibliography, http://dblp.org}
}
